@article{15secLeonardo,
    author = {Franc Solina},
    year = {2004},
    title = {15 seconds of fame},
    journal = {Leonardo},
    volume = {37},
    number = {2},
    pages = {105--110},
}

@article{trifonova,
    author = {Anna Trifonova and Letizia Jaccheri and Kristin Bergaust},
    year = {2008},
    title = {Software engineering issues in interactive installation art},
    journal = {Int. J. Arts and Technology},
    volume = {1},
    number = {1},
    pages = {43--65}
}

@article{miller1,
    author = {Robert Miller},
    year = {1998},
    title = {The Engineer as Catalyst: Billy Klüver on Working with Artists},
    journal = {IEEE Spectrum},
    volume = {35},
    number = {7},
    pages = {20--29}
}

@article{miller2,
    author = {Paul Miller},
    year = {1998},
    title = {Technology for art's sake},
    journal = {IEEE Spectrum},
    volume = {35},
    number = {7},
    pages = {30--37}
}

@article{15secSlo,
    author = {Samo Juvan and Franc Solina and Borut Batagelj and Peter Peer},
    year = {2002},
    title = {15 sekund slave - interaktivna umetniška inštalacija}
}

@book{vzdrzevanjeProgramskeOpreme,
    author = {Franc Solina},
    title = {Projektno vodenje razvoja programske opreme},
    year = {1997},
    pages = {191--198}
}

@book{digitalartconservation,
    editor = {Bernhard Serexhe},
    title = {Theory and Practice in the Conservation of Digital Art},
    year = {2012},
    publisher = {Ambra},
    address = {Vienna}
}

@mastersThesis{thesisSamoJuvan,
    author = {Samo Juvan},
    title = {Predelava fotografij z barvnimi filtri v slogu pop-art},
    school = {Fakulteta za računalništvo in informatiko, Univerza v Ljubljani},
    year = {2002}
}

@article{andyExhibition,
    author = {Andy Warhol},
    title = {Andy {W}arhol, {E}xhibition catalogue},
    journal = {Moderna Museet, Stockholm},
    year = {1968}
}

@article{nevenFaceRecognition,
    author = {P. Jonathon Phillips and W. Todd Scruggs and Alice J. O’Toole and Kevin W. Bowyer and Patrick J. Flynn and Cathy L. Schott and Matthew Sharpe},
    year = {2010},
    title = {FRVT 2006 and ICE 2006 Large-Scale Experimental Results},
    journal = {Pattern Analysis and Machine Intelligence, IEEE Transactions on},
    volume = {32},
    number = {5},
    pages = {831--846}
}
