@misc{wiki:GIMP,
    author = {Wikipedia},
    title = {{G}{I}{M}{P} --- {W}ikipedia{,} The Free Encyclopedia},
    year = {2015},
    url = {http://en.wikipedia.org/wiki/GIMP},
    note = {[zadnji obisk 26.04.2015]}
}
